@inproceedings{PJAGIF10,
    author = {P\'{e}rez-Ag\"{u}era, Jos\'{e} R. and Arroyo, Javier and Greenberg, Jane and Iglesias, Joaquin Perez and Fresno, Victor},
    title = {Using BM25F for Semantic Search},
    year = {2010},
    isbn = {9781450301305},
    publisher = {Association for Computing Machinery},
    address = {New York, NY, USA},
    url = {https://doi.org/10.1145/1863879.1863881},
    doi = {10.1145/1863879.1863881},
    articleno = {2},
    numpages = {8},
    keywords = {BM25F, information retrieval, semantic search},
    location = {Raleigh, North Carolina, USA},
    series = {SEMSEARCH '10}
}

@misc{rostami2022investigating,
  title={Investigating Search Algorithms for Shorter Documents: A study on how to search for titles},
  author={Rostami, Lara},
  year={2022}
}